<record><leader>00000cas a22000007a 4500</leader><controlfield tag="001">9900141</controlfield><controlfield tag="008">830912u1962uuuuksusr ne      0    0eng d</controlfield><controlfield tag="009">3789</controlfield><datafield ind1=" " ind2=" " tag="010"><subfield code="a">sn 83040567 </subfield></datafield><datafield ind1=" " ind2=" " tag="040"><subfield code="a">KSH</subfield><subfield code="b">eng</subfield><subfield code="c">KSH</subfield><subfield code="d">NPT</subfield></datafield><datafield ind1="1" ind2=" " tag="029"><subfield code="a">AU@</subfield><subfield code="b">000025799623</subfield></datafield><datafield ind1=" " ind2=" " tag="042"><subfield code="a">msc</subfield></datafield><datafield ind1=" " ind2=" " tag="043"><subfield code="a">n-us-ks</subfield></datafield><datafield ind1="0" ind2="0" tag="245"><subfield code="a">Green acres.</subfield></datafield><datafield ind1=" " ind2=" " tag="250"><subfield code="a">Missouri-Kansas ed.</subfield></datafield><datafield ind1=" " ind2=" " tag="260"><subfield code="a">Horton, Kan. :</subfield><subfield code="b">R.E. "Bob" Pokorny,</subfield></datafield><datafield ind1=" " ind2=" " tag="300"><subfield code="a">v. :</subfield><subfield code="b">ill. ;</subfield><subfield code="c">44 cm.</subfield></datafield><datafield ind1=" " ind2=" " tag="310"><subfield code="a">Semimonthly</subfield></datafield><datafield ind1="1" ind2=" " tag="362"><subfield code="a">Began in 1962?</subfield></datafield><datafield ind1=" " ind2=" " tag="521"><subfield code="a">"Farm paper..."</subfield></datafield><datafield ind1=" " ind2=" " tag="550"><subfield code="a">Official publication of: the United Rodeo Association.</subfield></datafield><datafield ind1="1" ind2=" " tag="700"><subfield code="a">Pokorny, R. E.</subfield></datafield><datafield ind1="2" ind2=" " tag="710"><subfield code="a">United Rodeo Association.</subfield></datafield><datafield ind1=" " ind2=" " tag="752"><subfield code="a">United States</subfield><subfield code="b">Kansas</subfield><subfield code="c">Brown</subfield><subfield code="d">Horton.</subfield></datafield></record>